% Correct Bibtex entries are best obtained by cut-and-paste from 
% Spires or Inspire.
%
% - They might still need some editing of Latex symbols in 
%   the titles. 
% - Page ranges should in many cases be shortened to just 
%   having the start page.
% - Collaborations might need to be added or indeed just the word 
%   "collaboration" put after them.
% - Do not add here any bibtex snippet that is already provided in
%   other bib files, for instance LHCb-PAPER.bib
%
% This file is intentionally empty. Use it for your own references. Standard references are in LHCb-CONF.bib  LHCb-DP.bib  LHCb-PAPER.bib  LHCb-TDR.bib  standard.bib
@article{bukin2007fitting,
    title={Fitting function for asymmetric peaks},
    author={A. D. Bukin},
    year={2007},
    eprint={0711.4449},
    archivePrefix={arXiv},
    primaryClass={physics.data-an}
}
@article{Friedman2001GreedyFA,
  title={Greedy function approximation: A gradient boosting machine.},
  author={Jerome H. Friedman},
  journal={Annals of Statistics},
  year={2001},
  volume={29},
  pages={1189-1232},
  url={https://api.semanticscholar.org/CorpusID:39450643}
}
